
@ARTICLE{ibata17,
   author = {{Ibata}, R.~A. and {Lewis}, G.~F. and {Thomas}, G. and {Martin}, N.~F. and 
	{Chapman}, S.},
    title = "{Feeling the Pull: A Study of Natural Galactic Accelerometers. II. Kinematics and Mass of the Delicate Stellar Stream of the Palomar 5 Globular Cluster}",
  journal = {\apj},
archivePrefix = "arXiv",
   eprint = {1708.06360},
 keywords = {Galaxy: halo, globular clusters: individual: Palomar 5},
     year = 2017,
    month = jun,
   volume = 842,
      eid = {120},
    pages = {120},
      doi = {10.3847/1538-4357/aa7514},
   adsurl = {http://adsabs.harvard.edu/abs/2017ApJ...842..120I},
  adsnote = {Provided by the SAO/NASA Astrophysics Data System}
}

@ARTICLE{rich12,
   author = {{Rich}, R.~M. and {Collins}, M.~L.~M. and {Black}, C.~M. and 
	{Longstaff}, F.~A. and {Koch}, A. and {Benson}, A. and {Reitzel}, D.~B.
	},
    title = "{A tidally distorted dwarf galaxy near NGC 4449}",
  journal = {\nat},
archivePrefix = "arXiv",
   eprint = {1202.2316},
     year = 2012,
    month = feb,
   volume = 482,
    pages = {192-194},
      doi = {10.1038/nature10837},
   adsurl = {http://adsabs.harvard.edu/abs/2012Natur.482..192R},
  adsnote = {Provided by the SAO/NASA Astrophysics Data System}
}

@ARTICLE{annibali12,
   author = {{Annibali}, F. and {Tosi}, M. and {Aloisi}, A. and {van der Marel}, R.~P. and 
	{Martinez-Delgado}, D.},
    title = "{Cluster 77 in NGC 4449: The Nucleus of a Satellite Galaxy Being Transformed into a Globular Cluster?}",
  journal = {\apjl},
archivePrefix = "arXiv",
   eprint = {1201.0811},
 primaryClass = "astro-ph.SR",
 keywords = {galaxies: clusters: individual: NGC 4449:CL 77, galaxies: dwarf, galaxies: individual: NGC 4449, galaxies: starburst},
     year = 2012,
    month = jan,
   volume = 745,
      eid = {L1},
    pages = {L1},
      doi = {10.1088/2041-8205/745/1/L1},
   adsurl = {http://adsabs.harvard.edu/abs/2012ApJ...745L...1A},
  adsnote = {Provided by the SAO/NASA Astrophysics Data System}
}


@ARTICLE{clark14,
   author = {{Clark}, S.~E. and {Peek}, J.~E.~G. and {Putman}, M.~E.},
    title = "{Magnetically Aligned H I Fibers and the Rolling Hough Transform}",
  journal = {\apj},
archivePrefix = "arXiv",
   eprint = {1312.1338},
 keywords = {ISM: magnetic fields, ISM: structure, local interstellar matter, methods: analytical, polarization, radio lines: ISM},
     year = 2014,
    month = jul,
   volume = 789,
      eid = {82},
    pages = {82},
      doi = {10.1088/0004-637X/789/1/82},
   adsurl = {http://adsabs.harvard.edu/abs/2014ApJ...789...82C},
  adsnote = {Provided by the SAO/NASA Astrophysics Data System}
}


@ARTICLE{shipp18,
   author = {{Shipp}, N. and {Drlica-Wagner}, A. and {Balbinot}, E. and {Ferguson}, P. and 
	{Erkal}, D. and {Li}, T.~S. and {Bechtol}, K. and {Belokurov}, V. and 
	{Buncher}, B. and {Carollo}, D. and {Carrasco Kind}, M. and 
	{Kuehn}, K. and {Marshall}, J.~L. and {Pace}, A.~B. and {Rykoff}, E.~S. and 
	{Sevilla-Noarbe}, I. and {Sheldon}, E. and {Strigari}, L. and 
	{Vivas}, A.~K. and {Yanny}, B. and {Zenteno}, A. and {Abbott}, T.~M.~C. and 
	{Abdalla}, F.~B. and {Allam}, S. and {Avila}, S. and {Bertin}, E. and 
	{Brooks}, D. and {Burke}, D.~L. and {Carretero}, J. and {Castander}, F.~J. and 
	{Cawthon}, R. and {Crocce}, M. and {Cunha}, C.~E. and {D'Andrea}, C.~B. and 
	{da Costa}, L.~N. and {Davis}, C. and {De Vicente}, J. and {Desai}, S. and 
	{Diehl}, H.~T. and {Doel}, P. and {Evrard}, A.~E. and {Flaugher}, B. and 
	{Fosalba}, P. and {Frieman}, J. and {Garc{\'{\i}}a-Bellido}, J. and 
	{Gaztanaga}, E. and {Gerdes}, D.~W. and {Gruen}, D. and {Gruendl}, R.~A. and 
	{Gschwend}, J. and {Gutierrez}, G. and {Hartley}, W. and {Honscheid}, K. and 
	{Hoyle}, B. and {James}, D.~J. and {Johnson}, M.~D. and {Krause}, E. and 
	{Kuropatkin}, N. and {Lahav}, O. and {Lin}, H. and {Maia}, M.~A.~G. and 
	{March}, M. and {Martini}, P. and {Menanteau}, F. and {Miller}, C.~J. and 
	{Miquel}, R. and {Nichol}, R.~C. and {Plazas}, A.~A. and {Romer}, A.~K. and 
	{Sako}, M. and {Sanchez}, E. and {Santiago}, B. and {Scarpine}, V. and 
	{Schindler}, R. and {Schubnell}, M. and {Smith}, M. and {Smith}, R.~C. and 
	{Sobreira}, F. and {Suchyta}, E. and {Swanson}, M.~E.~C. and 
	{Tarle}, G. and {Thomas}, D. and {Tucker}, D.~L. and {Walker}, A.~R. and 
	{Wechsler}, R.~H. and {DES Collaboration}},
    title = "{Stellar Streams Discovered in the Dark Energy Survey}",
  journal = {\apj},
archivePrefix = "arXiv",
   eprint = {1801.03097},
 keywords = {Galaxy: halo, Galaxy: structure, Local Group},
     year = 2018,
    month = aug,
   volume = 862,
      eid = {114},
    pages = {114},
      doi = {10.3847/1538-4357/aacdab},
   adsurl = {http://adsabs.harvard.edu/abs/2018ApJ...862..114S},
  adsnote = {Provided by the SAO/NASA Astrophysics Data System}
}

@ARTICLE{erkal16,
   author = {{Erkal}, D. and {Belokurov}, V. and {Bovy}, J. and {Sanders}, J.~L.
	},
    title = "{The number and size of subhalo-induced gaps in stellar streams}",
  journal = {\mnras},
archivePrefix = "arXiv",
   eprint = {1606.04946},
 keywords = {Galaxy: fundamental parameters, galaxies: haloes, galaxies: structure, dark matter},
     year = 2016,
    month = nov,
   volume = 463,
    pages = {102-119},
      doi = {10.1093/mnras/stw1957},
   adsurl = {http://adsabs.harvard.edu/abs/2016MNRAS.463..102E},
  adsnote = {Provided by the SAO/NASA Astrophysics Data System}
}


@ARTICLE{delgado12,
   author = {{Mart{\'{\i}}nez-Delgado}, D. and {Romanowsky}, A.~J. and {Gabany}, R.~J. and 
	{Annibali}, F. and {Arnold}, J.~A. and {Fliri}, J. and {Zibetti}, S. and 
	{van der Marel}, R.~P. and {Rix}, H.-W. and {Chonis}, T.~S. and 
	{Carballo-Bello}, J.~A. and {Aloisi}, A. and {Macci{\`o}}, A.~V. and 
	{Gallego-Laborda}, J. and {Brodie}, J.~P. and {Merrifield}, M.~R.
	},
    title = "{Dwarfs Gobbling Dwarfs: A Stellar Tidal Stream around NGC 4449 and Hierarchical Galaxy Formation on Small Scales}",
  journal = {\apjl},
archivePrefix = "arXiv",
   eprint = {1112.2154},
 keywords = {galaxies: dwarf, galaxies: evolution, galaxies: interactions, galaxies: structure},
     year = 2012,
    month = apr,
   volume = 748,
      eid = {L24},
    pages = {L24},
      doi = {10.1088/2041-8205/748/2/L24},
   adsurl = {http://adsabs.harvard.edu/abs/2012ApJ...748L..24M},
  adsnote = {Provided by the SAO/NASA Astrophysics Data System}
}


@ARTICLE{nidever18,
   author = {{Nidever}, D.~L. and {Olsen}, K. and {Choi}, Y. and {de Boer}, T.~J.~L. and 
	{Blum}, R.~D. and {Bell}, E.~F. and {Zaritsky}, D. and {Martin}, N.~F. and 
	{Saha}, A. and {Conn}, B.~C. and {Besla}, G. and {van der Marel}, R.~P. and 
	{Noel}, N.~E.~D. and {Monachesi}, A. and {Stringfellow}, G.~S. and 
	{Massana}, P. and {Cioni}, M.-R.~L. and {Gallart}, C. and {Monelli}, M. and 
	{Martinez-Delgado}, D. and {Munoz}, R.~R. and {Majewski}, S.~R. and 
	{Vivas}, A.~K. and {Walker}, A.~R. and {Kaleida}, C. and {Chu}, Y.-H.
	},
    title = "{Exploring the Very Extended Low Surface Brightness Stellar Populations of the Large Magellanic Cloud with SMASH}",
  journal = {arXiv e-prints},
archivePrefix = "arXiv",
   eprint = {1805.02671},
 keywords = {Astrophysics - Astrophysics of Galaxies},
     year = 2018,
    month = may,
   adsurl = {http://adsabs.harvard.edu/abs/2018arXiv180502671N},
  adsnote = {Provided by the SAO/NASA Astrophysics Data System}
}


@ARTICLE{dokkum14,
   author = {{van Dokkum}, P.~G. and {Abraham}, R. and {Merritt}, A.},
    title = "{First Results from the Dragonfly Telephoto Array: The Apparent Lack of a Stellar Halo in the Massive Spiral Galaxy M101}",
  journal = {\apjl},
archivePrefix = "arXiv",
   eprint = {1401.5467},
 keywords = {cosmology: observations, galaxies: evolution, galaxies: halos, Galaxy: halo, Galaxy: structure},
     year = 2014,
    month = feb,
   volume = 782,
      eid = {L24},
    pages = {L24},
      doi = {10.1088/2041-8205/782/2/L24},
   adsurl = {http://adsabs.harvard.edu/abs/2014ApJ...782L..24V},
  adsnote = {Provided by the SAO/NASA Astrophysics Data System}
}

@ARTICLE{crno16,
   author = {{Crnojevi{\'c}}, D. and {Sand}, D.~J. and {Spekkens}, K. and 
	{Caldwell}, N. and {Guhathakurta}, P. and {McLeod}, B. and {Seth}, A. and 
	{Simon}, J.~D. and {Strader}, J. and {Toloba}, E.},
    title = "{The Extended Halo of Centaurus A: Uncovering Satellites, Streams, and Substructures}",
  journal = {\apj},
archivePrefix = "arXiv",
   eprint = {1512.05366},
 keywords = {galaxies: dwarf, galaxies: groups: individual: CenA, galaxies: halos, galaxies: photometry},
     year = 2016,
    month = may,
   volume = 823,
      eid = {19},
    pages = {19},
      doi = {10.3847/0004-637X/823/1/19},
   adsurl = {http://adsabs.harvard.edu/abs/2016ApJ...823...19C},
  adsnote = {Provided by the SAO/NASA Astrophysics Data System}
}


@ARTICLE{crno14,
   author = {{Crnojevi{\'c}}, D. and {Ferguson}, A.~M.~N. and {Irwin}, M.~J. and 
	{McConnachie}, A.~W. and {Bernard}, E.~J. and {Fardal}, M.~A. and 
	{Ibata}, R.~A. and {Lewis}, G.~F. and {Martin}, N.~F. and {Navarro}, J.~F. and 
	{No{\"e}l}, N.~E.~D. and {Pasetto}, S.},
    title = "{A PAndAS view of M31 dwarf elliptical satellites: NGC 147 and NGC 185}",
  journal = {\mnras},
archivePrefix = "arXiv",
   eprint = {1409.7065},
 keywords = {galaxies: dwarf, galaxies: evolution, galaxies: individual: NGC 147, galaxies: individual: NCG 185, Local Group, galaxies: photometry},
     year = 2014,
    month = dec,
   volume = 445,
    pages = {3862-3877},
      doi = {10.1093/mnras/stu2003},
   adsurl = {http://adsabs.harvard.edu/abs/2014MNRAS.445.3862C},
  adsnote = {Provided by the SAO/NASA Astrophysics Data System}
}


@ARTICLE{ibata07,
   author = {{Ibata}, R. and {Martin}, N.~F. and {Irwin}, M. and {Chapman}, S. and 
	{Ferguson}, A.~M.~N. and {Lewis}, G.~F. and {McConnachie}, A.~W.
	},
    title = "{The Haunted Halos of Andromeda and Triangulum: A Panorama of Galaxy Formation in Action}",
  journal = {\apj},
archivePrefix = "arXiv",
   eprint = {0704.1318},
 keywords = {Galaxies: Evolution, Galaxies: Individual: Messier Number: M31, Galaxies: Individual: Messier Number: M33, Galaxies: Structure, Galaxies: Local Group},
     year = 2007,
    month = dec,
   volume = 671,
    pages = {1591-1623},
      doi = {10.1086/522574},
   adsurl = {http://adsabs.harvard.edu/abs/2007ApJ...671.1591I},
  adsnote = {Provided by the SAO/NASA Astrophysics Data System}
}

@ARTICLE{johnston99,
   author = {{Johnston}, K.~V. and {Zhao}, H. and {Spergel}, D.~N. and {Hernquist}, L.
	},
    title = "{Tidal Streams as Probes of the Galactic Potential}",
  journal = {\apjl},
   eprint = {astro-ph/9807243},
 keywords = {GALAXY: FUNDAMENTAL PARAMETERS, GALAXY: HALO, GALAXY: KINEMATICS AND DYNAMICS, GALAXY: STRUCTURE, Galaxy: Fundamental Parameters, Galaxy: Halo, Galaxy: Kinematics and Dynamics, Galaxy: Structure},
     year = 1999,
    month = feb,
   volume = 512,
    pages = {L109-L112},
      doi = {10.1086/311876},
   adsurl = {http://adsabs.harvard.edu/abs/1999ApJ...512L.109J},
  adsnote = {Provided by the SAO/NASA Astrophysics Data System}
}

@ARTICLE{johnston02,
   author = {{Johnston}, K.~V. and {Spergel}, D.~N. and {Haydn}, C.},
    title = "{How Lumpy Is the Milky Way's Dark Matter Halo?}",
  journal = {\apj},
   eprint = {astro-ph/0111196},
 keywords = {Cosmology: Dark Matter, Galaxy: Halo, Galaxy: Kinematics and Dynamics, Galaxy: Structure},
     year = 2002,
    month = may,
   volume = 570,
    pages = {656-664},
      doi = {10.1086/339791},
   adsurl = {http://adsabs.harvard.edu/abs/2002ApJ...570..656J},
  adsnote = {Provided by the SAO/NASA Astrophysics Data System}
}


@ARTICLE{bovy16,
   author = {{Bovy}, J. and {Bahmanyar}, A. and {Fritz}, T.~K. and {Kallivayalil}, N.
	},
    title = "{The Shape of the Inner Milky Way Halo from Observations of the Pal 5 and GD--1 Stellar Streams}",
  journal = {\apj},
archivePrefix = "arXiv",
   eprint = {1609.01298},
 keywords = {dark matter, Galaxy: fundamental parameters, Galaxy: halo, Galaxy: kinematics and dynamics, Galaxy: structure, globular clusters: individual: Palomar 5},
     year = 2016,
    month = dec,
   volume = 833,
      eid = {31},
    pages = {31},
      doi = {10.3847/1538-4357/833/1/31},
   adsurl = {http://adsabs.harvard.edu/abs/2016ApJ...833...31B},
  adsnote = {Provided by the SAO/NASA Astrophysics Data System}
}


@ARTICLE{law10,
   author = {{Law}, D.~R. and {Majewski}, S.~R.},
    title = "{The Sagittarius Dwarf Galaxy: A Model for Evolution in a Triaxial Milky Way Halo}",
  journal = {\apj},
archivePrefix = "arXiv",
   eprint = {1003.1132},
 keywords = {dark matter, galaxies: individual: Sagittarius, Galaxy: kinematics and dynamics, Galaxy: structure},
     year = 2010,
    month = may,
   volume = 714,
    pages = {229-254},
      doi = {10.1088/0004-637X/714/1/229},
   adsurl = {http://adsabs.harvard.edu/abs/2010ApJ...714..229L},
  adsnote = {Provided by the SAO/NASA Astrophysics Data System}
}


@ARTICLE{koposov10,
   author = {{Koposov}, S.~E. and {Rix}, H.-W. and {Hogg}, D.~W.},
    title = "{Constraining the Milky Way Potential with a Six-Dimensional Phase-Space Map of the GD-1 Stellar Stream}",
  journal = {\apj},
archivePrefix = "arXiv",
   eprint = {0907.1085},
 primaryClass = "astro-ph.GA",
 keywords = {Galaxy: fundamental parameters, Galaxy: halo, Galaxy: kinematics and dynamics, methods: statistical, stars: kinematics and dynamics, surveys},
     year = 2010,
    month = mar,
   volume = 712,
    pages = {260-273},
      doi = {10.1088/0004-637X/712/1/260},
   adsurl = {http://adsabs.harvard.edu/abs/2010ApJ...712..260K},
  adsnote = {Provided by the SAO/NASA Astrophysics Data System}
}

@ARTICLE{diemand08,
   author = {{Diemand}, J. and {Kuhlen}, M. and {Madau}, P. and {Zemp}, M. and 
	{Moore}, B. and {Potter}, D. and {Stadel}, J.},
    title = "{Clumps and streams in the local dark matter distribution}",
  journal = {\nat},
archivePrefix = "arXiv",
   eprint = {0805.1244},
     year = 2008,
    month = aug,
   volume = 454,
    pages = {735-738},
      doi = {10.1038/nature07153},
   adsurl = {http://adsabs.harvard.edu/abs/2008Natur.454..735D},
  adsnote = {Provided by the SAO/NASA Astrophysics Data System}
}


@ARTICLE{bressan12,
   author = {{Bressan}, A. and {Marigo}, P. and {Girardi}, L. and {Salasnich}, B. and 
	{Dal Cero}, C. and {Rubele}, S. and {Nanni}, A.},
    title = "{PARSEC: stellar tracks and isochrones with the PAdova and TRieste Stellar Evolution Code}",
  journal = {\mnras},
archivePrefix = "arXiv",
   eprint = {1208.4498},
 primaryClass = "astro-ph.SR",
 keywords = {stars: evolution, Hertzsprung{\dash}Russell and colour magnitude diagrams, stars: interiors, stars: low-mass},
     year = 2012,
    month = nov,
   volume = 427,
    pages = {127-145},
      doi = {10.1111/j.1365-2966.2012.21948.x},
   adsurl = {http://adsabs.harvard.edu/abs/2012MNRAS.427..127B},
  adsnote = {Provided by the SAO/NASA Astrophysics Data System}
}

@ARTICLE{harris96,
   author = {{Harris}, W.~E.},
    title = "{A Catalog of Parameters for Globular Clusters in the Milky Way}",
  journal = {\aj},
 keywords = {GLOBULAR CLUSTERS: GENERAL, CATALOGS},
     year = 1996,
    month = oct,
   volume = 112,
    pages = {1487},
      doi = {10.1086/118116},
   adsurl = {http://adsabs.harvard.edu/abs/1996AJ....112.1487H},
  adsnote = {Provided by the SAO/NASA Astrophysics Data System}
}


@ARTICLE{mcconnachie09,
   author = {{McConnachie}, A.~W. and {Irwin}, M.~J. and {Ibata}, R.~A. and 
	{Dubinski}, J. and {Widrow}, L.~M. and {Martin}, N.~F. and {C{\^o}t{\'e}}, P. and 
	{Dotter}, A.~L. and {Navarro}, J.~F. and {Ferguson}, A.~M.~N. and 
	{Puzia}, T.~H. and {Lewis}, G.~F. and {Babul}, A. and {Barmby}, P. and 
	{Bienaym{\'e}}, O. and {Chapman}, S.~C. and {Cockcroft}, R. and 
	{Collins}, M.~L.~M. and {Fardal}, M.~A. and {Harris}, W.~E. and 
	{Huxor}, A. and {Mackey}, A.~D. and {Pe{\~n}arrubia}, J. and 
	{Rich}, R.~M. and {Richer}, H.~B. and {Siebert}, A. and {Tanvir}, N. and 
	{Valls-Gabaud}, D. and {Venn}, K.~A.},
    title = "{The remnants of galaxy formation from a panoramic survey of the region around M31}",
  journal = {\nat},
archivePrefix = "arXiv",
   eprint = {0909.0398},
     year = 2009,
    month = sep,
   volume = 461,
    pages = {66-69},
      doi = {10.1038/nature08327},
   adsurl = {http://adsabs.harvard.edu/abs/2009Natur.461...66M},
  adsnote = {Provided by the SAO/NASA Astrophysics Data System}
}


@ARTICLE{ibata02,
   author = {{Ibata}, R.~A. and {Lewis}, G.~F. and {Irwin}, M.~J. and {Quinn}, T.
	},
    title = "{Uncovering cold dark matter halo substructure with tidal streams}",
  journal = {\mnras},
   eprint = {astro-ph/0110690},
 keywords = {galaxies: haloes, dark matter},
     year = 2002,
    month = jun,
   volume = 332,
    pages = {915-920},
      doi = {10.1046/j.1365-8711.2002.05358.x},
   adsurl = {http://adsabs.harvard.edu/abs/2002MNRAS.332..915I},
  adsnote = {Provided by the SAO/NASA Astrophysics Data System}
}


@ARTICLE{oden01,
   author = {{Odenkirchen}, M. and {Grebel}, E.~K. and {Rockosi}, C.~M. and 
	{Dehnen}, W. and {Ibata}, R. and {Rix}, H.-W. and {Stolte}, A. and 
	{Wolf}, C. and {Anderson}, Jr., J.~E. and {Bahcall}, N.~A. and 
	{Brinkmann}, J. and {Csabai}, I. and {Hennessy}, G. and {Hindsley}, R.~B. and 
	{Ivezi{\'c}}, {\v Z}. and {Lupton}, R.~H. and {Munn}, J.~A. and 
	{Pier}, J.~R. and {Stoughton}, C. and {York}, D.~G.},
    title = "{Detection of Massive Tidal Tails around the Globular Cluster Palomar 5 with Sloan Digital Sky Survey Commissioning Data}",
  journal = {\apjl},
   eprint = {astro-ph/0012311},
 keywords = {Galaxy: Halo, Galaxy: Kinematics and Dynamics, Galaxy: Structure, Galaxy: Globular Clusters:: Individual Name: Palomar 5},
     year = 2001,
    month = feb,
   volume = 548,
    pages = {L165-L169},
      doi = {10.1086/319095},
   adsurl = {http://adsabs.harvard.edu/abs/2001ApJ...548L.165O},
  adsnote = {Provided by the SAO/NASA Astrophysics Data System}
}


@ARTICLE{oden03,
   author = {{Odenkirchen}, M. and {Grebel}, E.~K. and {Dehnen}, W. and {Rix}, H.-W. and 
	{Yanny}, B. and {Newberg}, H.~J. and {Rockosi}, C.~M. and {Mart{\'{\i}}nez-Delgado}, D. and 
	{Brinkmann}, J. and {Pier}, J.~R.},
    title = "{The Extended Tails of Palomar 5: A 10{\deg} Arc of Globular Cluster Tidal Debris}",
  journal = {\aj},
   eprint = {astro-ph/0307446},
 keywords = {Galaxy: Halo, Galaxy: Globular Clusters: General, Galaxy: Globular Clusters: Individual: Name: Palomar 5},
     year = 2003,
    month = nov,
   volume = 126,
    pages = {2385-2407},
      doi = {10.1086/378601},
   adsurl = {http://adsabs.harvard.edu/abs/2003AJ....126.2385O},
  adsnote = {Provided by the SAO/NASA Astrophysics Data System}
}

@ARTICLE{ibata00,
   author = {{Ibata}, R. and {Irwin}, M. and {Lewis}, G. and {Ferguson}, A.~M.~N. and 
	{Tanvir}, N.},
    title = "{A giant stream of metal-rich stars in the halo of the galaxy M31}",
  journal = {\nat},
   eprint = {astro-ph/0107090},
     year = 2001,
    month = jul,
   volume = 412,
    pages = {49-52},
   adsurl = {http://adsabs.harvard.edu/abs/2001Natur.412...49I},
  adsnote = {Provided by the SAO/NASA Astrophysics Data System}
}


@ARTICLE{ibata01,
   author = {{Ibata}, R. and {Irwin}, M. and {Lewis}, G.~F. and {Stolte}, A.
	},
    title = "{Galactic Halo Substructure in the Sloan Digital Sky Survey: The Ancient Tidal Stream from the Sagittarius Dwarf Galaxy}",
  journal = {\apjl},
   eprint = {astro-ph/0004255},
 keywords = {Galaxies: Halos, Galaxies: Individual: Name: Sagittarius, Galaxies: Kinematics and Dynamics, Galaxy: Halo, Galaxy: Structure, Galaxies: Local Group},
     year = 2001,
    month = feb,
   volume = 547,
    pages = {L133-L136},
      doi = {10.1086/318894},
   adsurl = {http://adsabs.harvard.edu/abs/2001ApJ...547L.133I},
  adsnote = {Provided by the SAO/NASA Astrophysics Data System}
}

@ARTICLE{belokurov06,
   author = {{Belokurov}, V. and {Zucker}, D.~B. and {Evans}, N.~W. and {Gilmore}, G. and 
	{Vidrih}, S. and {Bramich}, D.~M. and {Newberg}, H.~J. and {Wyse}, R.~F.~G. and 
	{Irwin}, M.~J. and {Fellhauer}, M. and {Hewett}, P.~C. and {Walton}, N.~A. and 
	{Wilkinson}, M.~I. and {Cole}, N. and {Yanny}, B. and {Rockosi}, C.~M. and 
	{Beers}, T.~C. and {Bell}, E.~F. and {Brinkmann}, J. and {Ivezi{\'c}}, {\v Z}. and 
	{Lupton}, R.},
    title = "{The Field of Streams: Sagittarius and Its Siblings}",
  journal = {\apjl},
   eprint = {astro-ph/0605025},
 keywords = {Galaxies: Individual: Name: Sagittarius dSph, Galaxies: Kinematics and Dynamics, Galaxies: Structure, Galaxy: Halo, Galaxies: Local Group},
     year = 2006,
    month = may,
   volume = 642,
    pages = {L137-L140},
      doi = {10.1086/504797},
   adsurl = {http://adsabs.harvard.edu/abs/2006ApJ...642L.137B},
  adsnote = {Provided by the SAO/NASA Astrophysics Data System}
}

@ARTICLE{grillmair06,
   author = {{Grillmair}, C.~J. and {Dionatos}, O.},
    title = "{Detection of a 63{\deg} Cold Stellar Stream in the Sloan Digital Sky Survey}",
  journal = {\apjl},
   eprint = {astro-ph/0604332},
 keywords = {Galaxy: Halo, Galaxy: Structure, Galaxy: Globular Clusters: General},
     year = 2006,
    month = may,
   volume = 643,
    pages = {L17-L20},
      doi = {10.1086/505111},
   adsurl = {http://adsabs.harvard.edu/abs/2006ApJ...643L..17G},
  adsnote = {Provided by the SAO/NASA Astrophysics Data System}
}


@ARTICLE{delgado10,
   author = {{Mart{\'{\i}}nez-Delgado}, D. and {Gabany}, R.~J. and {Crawford}, K. and 
	{Zibetti}, S. and {Majewski}, S.~R. and {Rix}, H.-W. and {Fliri}, J. and 
	{Carballo-Bello}, J.~A. and {Bardalez-Gagliuffi}, D.~C. and 
	{Pe{\~n}arrubia}, J. and {Chonis}, T.~S. and {Madore}, B. and 
	{Trujillo}, I. and {Schirmer}, M. and {McDavid}, D.~A.},
    title = "{Stellar Tidal Streams in Spiral Galaxies of the Local Volume: A Pilot Survey with Modest Aperture Telescopes}",
  journal = {\aj},
archivePrefix = "arXiv",
   eprint = {1003.4860},
 keywords = {dark matter, galaxies: dwarf, galaxies: evolution, galaxies: halos, galaxies: interactions, galaxies: structure},
     year = 2010,
    month = oct,
   volume = 140,
    pages = {962-967},
      doi = {10.1088/0004-6256/140/4/962},
   adsurl = {http://adsabs.harvard.edu/abs/2010AJ....140..962M},
  adsnote = {Provided by the SAO/NASA Astrophysics Data System}
}



@ARTICLE{ibata14,
   author = {{Ibata}, R.~A. and {Lewis}, G.~F. and {McConnachie}, A.~W. and 
	{Martin}, N.~F. and {Irwin}, M.~J. and {Ferguson}, A.~M.~N. and 
	{Babul}, A. and {Bernard}, E.~J. and {Chapman}, S.~C. and {Collins}, M. and 
	{Fardal}, M. and {Mackey}, A.~D. and {Navarro}, J. and {Pe{\~n}arrubia}, J. and 
	{Rich}, R.~M. and {Tanvir}, N. and {Widrow}, L.},
    title = "{The Large-scale Structure of the Halo of the Andromeda Galaxy. I. Global Stellar Density, Morphology and Metallicity Properties}",
  journal = {\apj},
archivePrefix = "arXiv",
   eprint = {1311.5888},
 keywords = {galaxies: halos, galaxies: individual: M31, galaxies: structure},
     year = 2014,
    month = jan,
   volume = 780,
      eid = {128},
    pages = {128},
      doi = {10.1088/0004-637X/780/2/128},
   adsurl = {http://adsabs.harvard.edu/abs/2014ApJ...780..128I},
  adsnote = {Provided by the SAO/NASA Astrophysics Data System}
}


@ARTICLE{roser19,
   author = {{R{\"o}ser}, S. and {Schilbach}, E. and {Goldman}, B.},
    title = "{Hyades tidal tails revealed by Gaia DR2}",
  journal = {\aap},
archivePrefix = "arXiv",
   eprint = {1811.03845},
 primaryClass = "astro-ph.SR",
 keywords = {parallaxes, proper motions, open clusters and associations: general, open clusters and associations: individual: Hyades},
     year = 2019,
    month = jan,
   volume = 621,
      eid = {L2},
    pages = {L2},
      doi = {10.1051/0004-6361/201834608},
   adsurl = {http://adsabs.harvard.edu/abs/2019A%26A...621L...2R},
  adsnote = {Provided by the SAO/NASA Astrophysics Data System}
}

@Article{Hunter:2007,
  Author    = {Hunter, J. D.},
  Title     = {Matplotlib: A 2D graphics environment},
  Journal   = {Computing In Science \& Engineering},
  Volume    = {9},
  Number    = {3},
  Pages     = {90--95},
  abstract  = {Matplotlib is a 2D graphics package used for Python
  for application development, interactive scripting, and
  publication-quality image generation across user
  interfaces and operating systems.},
  publisher = {IEEE COMPUTER SOC},
  doi       = {10.1109/MCSE.2007.55},
  year      = 2007
}

@ARTICLE{hattori16,
   author = {{Hattori}, K. and {Erkal}, D. and {Sanders}, J.~L.},
    title = "{Shepherding tidal debris with the Galactic bar: the Ophiuchus stream}",
  journal = {\mnras},
archivePrefix = "arXiv",
   eprint = {1512.04536},
 keywords = {Galaxy: bulge, Galaxy: evolution, Galaxy: kinematics and dynamics, Galaxy: structure},
     year = 2016,
    month = jul,
   volume = 460,
    pages = {497-512},
      doi = {10.1093/mnras/stw1006},
   adsurl = {http://adsabs.harvard.edu/abs/2016MNRAS.460..497H},
  adsnote = {Provided by the SAO/NASA Astrophysics Data System}
}

@ARTICLE{gaiadr2,
   author = {{Gaia Collaboration} and {Brown}, A.~G.~A. and {Vallenari}, A. and 
	{Prusti}, T. and {de Bruijne}, J.~H.~J. and {Babusiaux}, C. and 
	{Bailer-Jones}, C.~A.~L. and {Biermann}, M. and {Evans}, D.~W. and 
	{Eyer}, L. and et al.},
    title = "{Gaia Data Release 2. Summary of the contents and survey properties}",
  journal = {\aap},
archivePrefix = "arXiv",
   eprint = {1804.09365},
 keywords = {catalogs, astrometry, techniques: radial velocities, stars: fundamental parameters, stars: variables: general, minor planets, asteroids: general},
     year = 2018,
    month = aug,
   volume = 616,
      eid = {A1},
    pages = {A1},
      doi = {10.1051/0004-6361/201833051},
   adsurl = {http://adsabs.harvard.edu/abs/2018A%26A...616A...1G},
  adsnote = {Provided by the SAO/NASA Astrophysics Data System}
}


@ARTICLE{garrison17,
   author = {{Garrison-Kimmel}, S. and {Wetzel}, A. and {Bullock}, J.~S. and 
	{Hopkins}, P.~F. and {Boylan-Kolchin}, M. and {Faucher-Gigu{\`e}re}, C.-A. and 
	{Kere{\v s}}, D. and {Quataert}, E. and {Sanderson}, R.~E. and 
	{Graus}, A.~S. and {Kelley}, T.},
    title = "{Not so lumpy after all: modelling the depletion of dark matter subhaloes by Milky Way-like galaxies}",
  journal = {\mnras},
archivePrefix = "arXiv",
   eprint = {1701.03792},
 keywords = {galaxies: haloes, Local Group, dark matter, cosmology: theory},
     year = 2017,
    month = oct,
   volume = 471,
    pages = {1709-1727},
      doi = {10.1093/mnras/stx1710},
   adsurl = {http://adsabs.harvard.edu/abs/2017MNRAS.471.1709G},
  adsnote = {Provided by the SAO/NASA Astrophysics Data System}
}


@ARTICLE{walt2011,
   author = {{van der Walt}, S. and {Colbert}, S.~C. and {Varoquaux}, G.},
    title = "{The NumPy Array: A Structure for Efficient Numerical Computation}",
  journal = {Computing in Science and Engineering},
archivePrefix = "arXiv",
   eprint = {1102.1523},
 primaryClass = "cs.MS",
     year = 2011,
    month = mar,
   volume = 13,
   number = 2,
    pages = {22-30},
      doi = {10.1109/MCSE.2011.37},
   adsurl = {http://adsabs.harvard.edu/abs/2011CSE....13b..22V},
  adsnote = {Provided by the SAO/NASA Astrophysics Data System}
}

@Misc{scipy,
  author =    {Eric Jones and Travis Oliphant and Pearu Peterson and others},
  title =     {{SciPy}: Open source scientific tools for {Python}},
  year =      {2001},
  url = "http://www.scipy.org/",
  note = {[Online; accessed <today>]}
}

@ARTICLE{astropy:2013,
   author = {{Astropy Collaboration} and {Robitaille}, T.~P. and {Tollerud}, E.~J. and 
	{Greenfield}, P. and {Droettboom}, M. and {Bray}, E. and {Aldcroft}, T. and 
	{Davis}, M. and {Ginsburg}, A. and {Price-Whelan}, A.~M. and 
	{Kerzendorf}, W.~E. and {Conley}, A. and {Crighton}, N. and 
	{Barbary}, K. and {Muna}, D. and {Ferguson}, H. and {Grollier}, F. and 
	{Parikh}, M.~M. and {Nair}, P.~H. and {Unther}, H.~M. and {Deil}, C. and 
	{Woillez}, J. and {Conseil}, S. and {Kramer}, R. and {Turner}, J.~E.~H. and 
	{Singer}, L. and {Fox}, R. and {Weaver}, B.~A. and {Zabalza}, V. and 
	{Edwards}, Z.~I. and {Azalee Bostroem}, K. and {Burke}, D.~J. and 
	{Casey}, A.~R. and {Crawford}, S.~M. and {Dencheva}, N. and 
	{Ely}, J. and {Jenness}, T. and {Labrie}, K. and {Lim}, P.~L. and 
	{Pierfederici}, F. and {Pontzen}, A. and {Ptak}, A. and {Refsdal}, B. and 
	{Servillat}, M. and {Streicher}, O.},
    title = "{Astropy: A community Python package for astronomy}",
  journal = {\aap},
archivePrefix = "arXiv",
   eprint = {1307.6212},
 primaryClass = "astro-ph.IM",
 keywords = {methods: data analysis, methods: miscellaneous, virtual observatory tools},
     year = 2013,
    month = oct,
   volume = 558,
      eid = {A33},
    pages = {A33},
      doi = {10.1051/0004-6361/201322068},
   adsurl = {http://adsabs.harvard.edu/abs/2013A%26A...558A..33A},
  adsnote = {Provided by the SAO/NASA Astrophysics Data System}
}


@ARTICLE{astropy:2018,
   author = {{Astropy Collaboration} and {Price-Whelan}, A.~M. and {Sip{\H o}cz}, B.~M. and 
	{G{\"u}nther}, H.~M. and {Lim}, P.~L. and {Crawford}, S.~M. and 
	{Conseil}, S. and {Shupe}, D.~L. and {Craig}, M.~W. and {Dencheva}, N. and 
	{Ginsburg}, A. and {VanderPlas}, J.~T. and {Bradley}, L.~D. and 
	{P{\'e}rez-Su{\'a}rez}, D. and {de Val-Borro}, M. and {Aldcroft}, T.~L. and 
	{Cruz}, K.~L. and {Robitaille}, T.~P. and {Tollerud}, E.~J. and 
	{Ardelean}, C. and {Babej}, T. and {Bach}, Y.~P. and {Bachetti}, M. and 
	{Bakanov}, A.~V. and {Bamford}, S.~P. and {Barentsen}, G. and 
	{Barmby}, P. and {Baumbach}, A. and {Berry}, K.~L. and {Biscani}, F. and 
	{Boquien}, M. and {Bostroem}, K.~A. and {Bouma}, L.~G. and {Brammer}, G.~B. and 
	{Bray}, E.~M. and {Breytenbach}, H. and {Buddelmeijer}, H. and 
	{Burke}, D.~J. and {Calderone}, G. and {Cano Rodr{\'{\i}}guez}, J.~L. and 
	{Cara}, M. and {Cardoso}, J.~V.~M. and {Cheedella}, S. and {Copin}, Y. and 
	{Corrales}, L. and {Crichton}, D. and {D'Avella}, D. and {Deil}, C. and 
	{Depagne}, {\'E}. and {Dietrich}, J.~P. and {Donath}, A. and 
	{Droettboom}, M. and {Earl}, N. and {Erben}, T. and {Fabbro}, S. and 
	{Ferreira}, L.~A. and {Finethy}, T. and {Fox}, R.~T. and {Garrison}, L.~H. and 
	{Gibbons}, S.~L.~J. and {Goldstein}, D.~A. and {Gommers}, R. and 
	{Greco}, J.~P. and {Greenfield}, P. and {Groener}, A.~M. and 
	{Grollier}, F. and {Hagen}, A. and {Hirst}, P. and {Homeier}, D. and 
	{Horton}, A.~J. and {Hosseinzadeh}, G. and {Hu}, L. and {Hunkeler}, J.~S. and 
	{Ivezi{\'c}}, {\v Z}. and {Jain}, A. and {Jenness}, T. and {Kanarek}, G. and 
	{Kendrew}, S. and {Kern}, N.~S. and {Kerzendorf}, W.~E. and 
	{Khvalko}, A. and {King}, J. and {Kirkby}, D. and {Kulkarni}, A.~M. and 
	{Kumar}, A. and {Lee}, A. and {Lenz}, D. and {Littlefair}, S.~P. and 
	{Ma}, Z. and {Macleod}, D.~M. and {Mastropietro}, M. and {McCully}, C. and 
	{Montagnac}, S. and {Morris}, B.~M. and {Mueller}, M. and {Mumford}, S.~J. and 
	{Muna}, D. and {Murphy}, N.~A. and {Nelson}, S. and {Nguyen}, G.~H. and 
	{Ninan}, J.~P. and {N{\"o}the}, M. and {Ogaz}, S. and {Oh}, S. and 
	{Parejko}, J.~K. and {Parley}, N. and {Pascual}, S. and {Patil}, R. and 
	{Patil}, A.~A. and {Plunkett}, A.~L. and {Prochaska}, J.~X. and 
	{Rastogi}, T. and {Reddy Janga}, V. and {Sabater}, J. and {Sakurikar}, P. and 
	{Seifert}, M. and {Sherbert}, L.~E. and {Sherwood-Taylor}, H. and 
	{Shih}, A.~Y. and {Sick}, J. and {Silbiger}, M.~T. and {Singanamalla}, S. and 
	{Singer}, L.~P. and {Sladen}, P.~H. and {Sooley}, K.~A. and 
	{Sornarajah}, S. and {Streicher}, O. and {Teuben}, P. and {Thomas}, S.~W. and 
	{Tremblay}, G.~R. and {Turner}, J.~E.~H. and {Terr{\'o}n}, V. and 
	{van Kerkwijk}, M.~H. and {de la Vega}, A. and {Watkins}, L.~L. and 
	{Weaver}, B.~A. and {Whitmore}, J.~B. and {Woillez}, J. and 
	{Zabalza}, V. and {Astropy Contributors}},
    title = "{The Astropy Project: Building an Open-science Project and Status of the v2.0 Core Package}",
  journal = {\aj},
archivePrefix = "arXiv",
   eprint = {1801.02634},
 primaryClass = "astro-ph.IM",
 keywords = {methods: data analysis, methods: miscellaneous, methods: statistical, reference systems },
     year = 2018,
    month = sep,
   volume = 156,
      eid = {123},
    pages = {123},
      doi = {10.3847/1538-3881/aabc4f},
   adsurl = {http://adsabs.harvard.edu/abs/2018AJ....156..123A},
  adsnote = {Provided by the SAO/NASA Astrophysics Data System}
}

@ARTICLE{chemin09,
   author = {{Chemin}, L. and {Carignan}, C. and {Foster}, T.},
    title = "{H I Kinematics and Dynamics of Messier 31}",
  journal = {\apj},
archivePrefix = "arXiv",
   eprint = {0909.3846},
 keywords = {galaxies: fundamental parameters: mass, galaxies: individual: M31 NGC 224, galaxies: ISM, galaxies: kinematics and dynamics, galaxies: structure, Local Group},
     year = 2009,
    month = nov,
   volume = 705,
    pages = {1395-1415},
      doi = {10.1088/0004-637X/705/2/1395},
   adsurl = {http://adsabs.harvard.edu/abs/2009ApJ...705.1395C},
  adsnote = {Provided by the SAO/NASA Astrophysics Data System}
}


@ARTICLE{erkal17,
   author = {{Erkal}, D. and {Koposov}, S.~E. and {Belokurov}, V.},
    title = "{A sharper view of Pal 5's tails: discovery of stream perturbations with a novel non-parametric technique}",
  journal = {\mnras},
archivePrefix = "arXiv",
   eprint = {1609.01282},
 keywords = {Galaxy: fundamental parameters, globular clusters: individual (Palomar 5), Galaxy: structure, dark matter},
     year = 2017,
    month = sep,
   volume = 470,
    pages = {60-84},
      doi = {10.1093/mnras/stx1208},
   adsurl = {http://adsabs.harvard.edu/abs/2017MNRAS.470...60E},
  adsnote = {Provided by the SAO/NASA Astrophysics Data System}
}

@ARTICLE{bovy17,
   author = {{Bovy}, J. and {Erkal}, D. and {Sanders}, J.~L.},
    title = "{Linear perturbation theory for tidal streams and the small-scale CDM power spectrum}",
  journal = {\mnras},
archivePrefix = "arXiv",
   eprint = {1606.03470},
 keywords = {Galaxy: fundamental parameters, Galaxy: halo, Galaxy: kinematics and dynamics, Galaxy: structure, dark matter},
     year = 2017,
    month = apr,
   volume = 466,
    pages = {628-668},
      doi = {10.1093/mnras/stw3067},
   adsurl = {http://adsabs.harvard.edu/abs/2017MNRAS.466..628B},
  adsnote = {Provided by the SAO/NASA Astrophysics Data System}
}


@ARTICLE{yoon11,
   author = {{Yoon}, J.~H. and {Johnston}, K.~V. and {Hogg}, D.~W.},
    title = "{Clumpy Streams from Clumpy Halos: Detecting Missing Satellites with Cold Stellar Structures}",
  journal = {\apj},
archivePrefix = "arXiv",
   eprint = {1012.2884},
 keywords = {cosmology: theory, dark matter, Galaxy: halo, Galaxy: kinematics and dynamics, Galaxy: structure},
     year = 2011,
    month = apr,
   volume = 731,
      eid = {58},
    pages = {58},
      doi = {10.1088/0004-637X/731/1/58},
   adsurl = {http://adsabs.harvard.edu/abs/2011ApJ...731...58Y},
  adsnote = {Provided by the SAO/NASA Astrophysics Data System}
}

@ARTICLE{malhan18,
   author = {{Malhan}, K. and {Ibata}, R.~A.},
    title = "{STREAMFINDER - I. A new algorithm for detecting stellar streams}",
  journal = {\mnras},
archivePrefix = "arXiv",
   eprint = {1804.11338},
 keywords = {stars: kinematics and dynamics, Galaxy: halo, Galaxy: kinematics and dynamics, Galaxy: structure},
     year = 2018,
    month = jul,
   volume = 477,
    pages = {4063-4076},
      doi = {10.1093/mnras/sty912},
   adsurl = {http://adsabs.harvard.edu/abs/2018MNRAS.477.4063M},
  adsnote = {Provided by the SAO/NASA Astrophysics Data System}
}


@ARTICLE{ibata19,
   author = {{Ibata}, R. and {Malhan}, K. and {Martin}, N.},
    title = "{The Streams of the Gaping Abyss: A population of entangled stellar streams surrounding the Inner Galaxy}",
  journal = {arXiv e-prints},
archivePrefix = "arXiv",
   eprint = {1901.07566},
 keywords = {Astrophysics - Astrophysics of Galaxies},
     year = 2019,
    month = jan,
   adsurl = {http://adsabs.harvard.edu/abs/2019arXiv190107566I},
  adsnote = {Provided by the SAO/NASA Astrophysics Data System}
}

@ARTICLE{price16,
   author = {{Price-Whelan}, A.~M. and {Johnston}, K.~V. and {Valluri}, M. and 
	{Pearson}, S. and {K{\"u}pper}, A.~H.~W. and {Hogg}, D.~W.},
    title = "{Chaotic dispersal of tidal debris}",
  journal = {\mnras},
archivePrefix = "arXiv",
   eprint = {1507.08662},
 keywords = {chaos, Galaxy: halo, galaxies: haloes, galaxies: kinematics and dynamics, galaxies: star clusters: general, dark matter},
     year = 2016,
    month = jan,
   volume = 455,
    pages = {1079-1098},
      doi = {10.1093/mnras/stv2383},
   adsurl = {http://adsabs.harvard.edu/abs/2016MNRAS.455.1079P},
  adsnote = {Provided by the SAO/NASA Astrophysics Data System}
}

@ARTICLE{bonaca19,
   author = {{Bonaca}, A. and {Hogg}, D.~W. and {Price-Whelan}, A.~M. and 
	{Conroy}, C.},
    title = "{The Spur and the Gap in GD-1: Dynamical evidence for a dark substructure in the Milky Way halo}",
  journal = {arXiv e-prints},
archivePrefix = "arXiv",
   eprint = {1811.03631},
 keywords = {Astrophysics - Astrophysics of Galaxies, Astrophysics - Cosmology and Nongalactic Astrophysics, High Energy Physics - Phenomenology},
     year = 2018,
    month = nov,
   adsurl = {http://adsabs.harvard.edu/abs/2018arXiv181103631B},
  adsnote = {Provided by the SAO/NASA Astrophysics Data System}
}


@ARTICLE{price18,
   author = {{Price-Whelan}, A.~M. and {Bonaca}, A.},
    title = "{Off the Beaten Path: Gaia Reveals GD-1 Stars outside of the Main Stream}",
  journal = {\apjl},
archivePrefix = "arXiv",
   eprint = {1805.00425},
 keywords = {dark matter, Galaxy: halo, Galaxy: kinematics and dynamics },
     year = 2018,
    month = aug,
   volume = 863,
      eid = {L20},
    pages = {L20},
      doi = {10.3847/2041-8213/aad7b5},
   adsurl = {http://adsabs.harvard.edu/abs/2018ApJ...863L..20P},
  adsnote = {Provided by the SAO/NASA Astrophysics Data System}
}

@ARTICLE{pearson17,
   author = {{Pearson}, S. and {Price-Whelan}, A.~M. and {Johnston}, K.~V.
	},
    title = "{Gaps and length asymmetry in the stellar stream Palomar 5 as effects of Galactic bar rotation}",
  journal = {Nature Astronomy},
archivePrefix = "arXiv",
   eprint = {1703.04627},
     year = 2017,
    month = aug,
   volume = 1,
    pages = {633-639},
      doi = {10.1038/s41550-017-0220-3},
   adsurl = {http://adsabs.harvard.edu/abs/2017NatAs...1..633P},
  adsnote = {Provided by the SAO/NASA Astrophysics Data System}
}




@ARTICLE{pearson15,
   author = {{Pearson}, S. and {K{\"u}pper}, A.~H.~W. and {Johnston}, K.~V. and 
	{Price-Whelan}, A.~M.},
    title = "{Tidal Stream Morphology as an Indicator of Dark Matter Halo Geometry: The Case of Palomar 5}",
  journal = {\apj},
archivePrefix = "arXiv",
   eprint = {1410.3477},
 keywords = {dark matter, Galaxy: halo, Galaxy: structure, globular clusters: individual: Palomar 5, methods: numerical},
     year = 2015,
    month = jan,
   volume = 799,
      eid = {28},
    pages = {28},
      doi = {10.1088/0004-637X/799/1/28},
   adsurl = {http://adsabs.harvard.edu/abs/2015ApJ...799...28P},
  adsnote = {Provided by the SAO/NASA Astrophysics Data System}
}



@ARTICLE{ibata16,
   author = {{Ibata}, R.~A. and {Lewis}, G.~F. and {Martin}, N.~F.},
    title = "{Feeling the Pull: a Study of Natural Galactic Accelerometers. I. Photometry of the Delicate Stellar Stream of the Palomar 5 Globular Cluster}",
  journal = {\apj},
archivePrefix = "arXiv",
   eprint = {1512.03054},
 keywords = {dark matter, Galaxy: halo, Galaxy: kinematics and dynamics, globular clusters: individual: Palomar 5},
     year = 2016,
    month = mar,
   volume = 819,
      eid = {1},
    pages = {1},
      doi = {10.3847/0004-637X/819/1/1},
   adsurl = {http://adsabs.harvard.edu/abs/2016ApJ...819....1I},
  adsnote = {Provided by the SAO/NASA Astrophysics Data System}
}



@ARTICLE{fitts18,
   author = {{Fitts}, A. and {Boylan-Kolchin}, M. and {Bullock}, J.~S. and 
	{Weisz}, D.~R. and {El-Badry}, K. and {Wheeler}, C. and {Faucher-Gigu{\`e}re}, C.-A. and 
	{Quataert}, E. and {Hopkins}, P.~F. and {Kere{\v s}}, D. and 
	{Wetzel}, A. and {Hayward}, C.~C.},
    title = "{No assembly required: mergers are mostly irrelevant for the growth of low-mass dwarf galaxies}",
  journal = {\mnras},
archivePrefix = "arXiv",
   eprint = {1801.06187},
 keywords = {galaxies: dwarf, galaxies: evolution, galaxies: formation, galaxies: star formation, galaxies: structure, dark matter},
     year = 2018,
    month = sep,
   volume = 479,
    pages = {319-331},
      doi = {10.1093/mnras/sty1488},
   adsurl = {http://adsabs.harvard.edu/abs/2018MNRAS.479..319F},
  adsnote = {Provided by the SAO/NASA Astrophysics Data System}
}


@ARTICLE{wheeler15,
   author = {{Wheeler}, C. and {O{\~n}orbe}, J. and {Bullock}, J.~S. and 
	{Boylan-Kolchin}, M. and {Elbert}, O.~D. and {Garrison-Kimmel}, S. and 
	{Hopkins}, P.~F. and {Kere{\v s}}, D.},
    title = "{Sweating the small stuff: simulating dwarf galaxies, ultra-faint dwarf galaxies, and their own tiny satellites}",
  journal = {\mnras},
archivePrefix = "arXiv",
   eprint = {1504.02466},
 keywords = {galaxies: dwarf, galaxies: groups: general, Local Group, galaxies: star formation},
     year = 2015,
    month = oct,
   volume = 453,
    pages = {1305-1316},
      doi = {10.1093/mnras/stv1691},
   adsurl = {http://adsabs.harvard.edu/abs/2015MNRAS.453.1305W},
  adsnote = {Provided by the SAO/NASA Astrophysics Data System}
}


@ARTICLE{carlin16,
   author = {{Carlin}, J.~L. and {Sand}, D.~J. and {Price}, P. and {Willman}, B. and 
	{Karunakaran}, A. and {Spekkens}, K. and {Bell}, E.~F. and {Brodie}, J.~P. and 
	{Crnojevi{\'c}}, D. and {Forbes}, D.~A. and {Hargis}, J. and 
	{Kirby}, E. and {Lupton}, R. and {Peter}, A.~H.~G. and {Romanowsky}, A.~J. and 
	{Strader}, J.},
    title = "{First Results from the MADCASH Survey: A Faint Dwarf Galaxy Companion to the Low-mass Spiral Galaxy NGC 2403 at 3.2 Mpc}",
  journal = {\apjl},
archivePrefix = "arXiv",
   eprint = {1608.02591},
 keywords = {dark matter, galaxies: dwarf, galaxies: formation, galaxies: halos},
     year = 2016,
    month = sep,
   volume = 828,
      eid = {L5},
    pages = {L5},
      doi = {10.3847/2041-8205/828/1/L5},
   adsurl = {http://adsabs.harvard.edu/abs/2016ApJ...828L...5C},
  adsnote = {Provided by the SAO/NASA Astrophysics Data System}
}

@ARTICLE{jethwa16,
   author = {{Jethwa}, P. and {Erkal}, D. and {Belokurov}, V.},
    title = "{A Magellanic origin of the DES dwarfs}",
  journal = {\mnras},
archivePrefix = "arXiv",
   eprint = {1603.04420},
 keywords = {galaxies: dwarf, Magellanic Clouds},
     year = 2016,
    month = sep,
   volume = 461,
    pages = {2212-2233},
      doi = {10.1093/mnras/stw1343},
   adsurl = {http://adsabs.harvard.edu/abs/2016MNRAS.461.2212J},
  adsnote = {Provided by the SAO/NASA Astrophysics Data System}
}

@ARTICLE{patel18,
   author = {{Patel}, E. and {Carlin}, J.~L. and {Tollerud}, E.~J. and {Collins}, M.~L.~M. and 
	{Dooley}, G.~A.},
    title = "{{$\Lambda$}CDM predictions for the satellite population of M33}",
  journal = {\mnras},
archivePrefix = "arXiv",
   eprint = {1807.05318},
 keywords = {galaxies: luminosity function, mass function, galaxies: kinematics and dynamics, Local Group},
     year = 2018,
    month = oct,
   volume = 480,
    pages = {1883-1897},
      doi = {10.1093/mnras/sty1946},
   adsurl = {http://adsabs.harvard.edu/abs/2018MNRAS.480.1883P},
  adsnote = {Provided by the SAO/NASA Astrophysics Data System}
}

@ARTICLE{koposov15,
   author = {{Koposov}, S.~E. and {Belokurov}, V. and {Torrealba}, G. and 
	{Evans}, N.~W.},
    title = "{Beasts of the Southern Wild: Discovery of Nine Ultra Faint Satellites in the Vicinity of the Magellanic Clouds.}",
  journal = {\apj},
archivePrefix = "arXiv",
   eprint = {1503.02079},
 keywords = {galaxies: dwarf, galaxies: kinematics and dynamics, Galaxy: halo, globular clusters: general},
     year = 2015,
    month = jun,
   volume = 805,
      eid = {130},
    pages = {130},
      doi = {10.1088/0004-637X/805/2/130},
   adsurl = {http://adsabs.harvard.edu/abs/2015ApJ...805..130K},
  adsnote = {Provided by the SAO/NASA Astrophysics Data System}
}


@ARTICLE{bose18,
   author = {{Bose}, S. and {Deason}, A.~J. and {Frenk}, C.~S.},
    title = "{The imprint of cosmic reionisation on the luminosity function of galaxies}",
  journal = {ArXiv e-prints},
archivePrefix = "arXiv",
   eprint = {1802.10096},
 keywords = {Astrophysics - Astrophysics of Galaxies, Astrophysics - Cosmology and Nongalactic Astrophysics},
     year = 2018,
    month = feb,
   adsurl = {http://adsabs.harvard.edu/abs/2018arXiv180210096B},
  adsnote = {Provided by the SAO/NASA Astrophysics Data System}
}

@ARTICLE{gao04,
   author = {{Gao}, L. and {White}, S.~D.~M. and {Jenkins}, A. and {Stoehr}, F. and 
	{Springel}, V.},
    title = "{The subhalo populations of {$\Lambda$}CDM dark haloes}",
  journal = {\mnras},
   eprint = {astro-ph/0404589},
 keywords = {methods: N-body simulations, methods: numerical, galaxies: clusters: general, galaxies: haloes, dark matter},
     year = 2004,
    month = dec,
   volume = 355,
    pages = {819-834},
      doi = {10.1111/j.1365-2966.2004.08360.x},
   adsurl = {http://adsabs.harvard.edu/abs/2004MNRAS.355..819G},
  adsnote = {Provided by the SAO/NASA Astrophysics Data System}
}


@ARTICLE{stierwalt17,
   author = {{Stierwalt}, S. and {Liss}, S.~E. and {Johnson}, K.~E. and {Patton}, D.~R. and 
	{Privon}, G.~C. and {Besla}, G. and {Kallivayalil}, N. and {Putman}, M.
	},
    title = "{Direct evidence of hierarchical assembly at low masses from isolated dwarf galaxy groups}",
  journal = {Nature Astronomy},
archivePrefix = "arXiv",
   eprint = {1701.01731},
     year = 2017,
    month = jan,
   volume = 1,
      eid = {0025},
    pages = {0025},
      doi = {10.1038/s41550-016-0025},
   adsurl = {http://adsabs.harvard.edu/abs/2017NatAs...1E..25S},
  adsnote = {Provided by the SAO/NASA Astrophysics Data System}
}

@ARTICLE{bullock05,
   author = {{Bullock}, J.~S. and {Johnston}, K.~V.},
    title = "{Tracing Galaxy Formation with Stellar Halos. I. Methods}",
  journal = {\apj},
   eprint = {astro-ph/0506467},
 keywords = {Cosmology: Dark Matter, Galaxies: Dwarf, Galaxies: Evolution, Galaxies: Formation, Galaxies: Halos, Galaxies: Kinematics and Dynamics, Galaxy: Evolution, Galaxy: Formation, Galaxy: Halo, Galaxy: Kinematics and Dynamics, Galaxies: Local Group},
     year = 2005,
    month = dec,
   volume = 635,
    pages = {931-949},
      doi = {10.1086/497422},
   adsurl = {http://adsabs.harvard.edu/abs/2005ApJ...635..931B},
  adsnote = {Provided by the SAO/NASA Astrophysics Data System}
}


@ARTICLE{pearson18,
   author = {{Pearson}, S. and {Privon}, G.~C. and {Besla}, G. and {Putman}, M.~E. and 
	{Mart{\'{\i}}nez-Delgado}, D. and {Johnston}, K.~V. and {Gabany}, R.~J. and 
	{Patton}, D.~R. and {Kallivayalil}, N.},
    title = "{Modeling the Baryon Cycle in Low Mass Galaxy Encounters: the Case of NGC 4490 {\amp} NGC 4485}",
  journal = {\mnras},
archivePrefix = "arXiv",
   eprint = {1807.03791},
 keywords = {galaxies: dwarf, galaxies: evolution, galaxies: interactions, galaxies: kinematics and dynamics, Methods: numerical},
     year = 2018,
    month = aug,
      doi = {10.1093/mnras/sty2052},
   adsurl = {http://adsabs.harvard.edu/abs/2018MNRAS.tmp.1996P},
  adsnote = {Provided by the SAO/NASA Astrophysics Data System}
}

@ARTICLE{bell10,
   author = {{Bell}, E.~F. and {Xue}, X.~X. and {Rix}, H.-W. and {Ruhland}, C. and 
	{Hogg}, D.~W.},
    title = "{Stellar Population Variations in the Milky Way's Stellar Halo}",
  journal = {\aj},
archivePrefix = "arXiv",
   eprint = {1010.2239},
 keywords = {galaxies: bulges, galaxies: evolution, galaxies: general, galaxies: spiral, galaxies: stellar content},
     year = 2010,
    month = dec,
   volume = 140,
    pages = {1850-1859},
      doi = {10.1088/0004-6256/140/6/1850},
   adsurl = {http://adsabs.harvard.edu/abs/2010AJ....140.1850B},
  adsnote = {Provided by the SAO/NASA Astrophysics Data System}
}


@ARTICLE{delgado12,
   author = {{Mart{\'{\i}}nez-Delgado}, D. and {Romanowsky}, A.~J. and {Gabany}, R.~J. and 
	{Annibali}, F. and {Arnold}, J.~A. and {Fliri}, J. and {Zibetti}, S. and 
	{van der Marel}, R.~P. and {Rix}, H.-W. and {Chonis}, T.~S. and 
	{Carballo-Bello}, J.~A. and {Aloisi}, A. and {Macci{\`o}}, A.~V. and 
	{Gallego-Laborda}, J. and {Brodie}, J.~P. and {Merrifield}, M.~R.
	},
    title = "{Dwarfs Gobbling Dwarfs: A Stellar Tidal Stream around NGC 4449 and Hierarchical Galaxy Formation on Small Scales}",
  journal = {\apjl},
archivePrefix = "arXiv",
   eprint = {1112.2154},
 keywords = {galaxies: dwarf, galaxies: evolution, galaxies: interactions, galaxies: structure},
     year = 2012,
    month = apr,
   volume = 748,
      eid = {L24},
    pages = {L24},
      doi = {10.1088/2041-8205/748/2/L24},
   adsurl = {http://adsabs.harvard.edu/abs/2012ApJ...748L..24M},
  adsnote = {Provided by the SAO/NASA Astrophysics Data System}
}


@ARTICLE{bell08,
   author = {{Bell}, E.~F. and {Zucker}, D.~B. and {Belokurov}, V. and {Sharma}, S. and 
	{Johnston}, K.~V. and {Bullock}, J.~S. and {Hogg}, D.~W. and 
	{Jahnke}, K. and {de Jong}, J.~T.~A. and {Beers}, T.~C. and 
	{Evans}, N.~W. and {Grebel}, E.~K. and {Ivezi{\'c}}, {\v Z}. and 
	{Koposov}, S.~E. and {Rix}, H.-W. and {Schneider}, D.~P. and 
	{Steinmetz}, M. and {Zolotov}, A.},
    title = "{The Accretion Origin of the Milky Way's Stellar Halo}",
  journal = {\apj},
archivePrefix = "arXiv",
   eprint = {0706.0004},
 keywords = {galaxies: halos, Galaxy: evolution, Galaxy: formation, Galaxy: general, Galaxy: halo, Galaxy: structure},
     year = 2008,
    month = jun,
   volume = 680,
    pages = {295-311},
      doi = {10.1086/588032},
   adsurl = {http://adsabs.harvard.edu/abs/2008ApJ...680..295B},
  adsnote = {Provided by the SAO/NASA Astrophysics Data System}
}



@ARTICLE{xue11,
   author = {{Xue}, X.-X. and {Rix}, H.-W. and {Yanny}, B. and {Beers}, T.~C. and 
	{Bell}, E.~F. and {Zhao}, G. and {Bullock}, J.~S. and {Johnston}, K.~V. and 
	{Morrison}, H. and {Rockosi}, C. and {Koposov}, S.~E. and {Kang}, X. and 
	{Liu}, C. and {Luo}, A. and {Lee}, Y.~S. and {Weaver}, B.~A.
	},
    title = "{Quantifying Kinematic Substructure in the Milky Way's Stellar Halo}",
  journal = {\apj},
archivePrefix = "arXiv",
   eprint = {1011.1925},
 primaryClass = "astro-ph.GA",
 keywords = {galaxies: individual: Milky Way, Galaxy: halo, Galaxy: structure, stars: horizontal-branch, stars: kinematics and dynamics},
     year = 2011,
    month = sep,
   volume = 738,
      eid = {79},
    pages = {79},
      doi = {10.1088/0004-637X/738/1/79},
   adsurl = {http://adsabs.harvard.edu/abs/2011ApJ...738...79X},
  adsnote = {Provided by the SAO/NASA Astrophysics Data System}
}

@ARTICLE{banik19,
   author = {{Banik}, N. and {Bovy}, J.},
    title = "{Effects of baryonic and dark matter substructure on the Pal 5 stream}",
  journal = {\mnras},
archivePrefix = "arXiv",
   eprint = {1809.09640},
 keywords = {Galaxy: evolution, Galaxy: halo, Galaxy: kinematics and dynamics, Galaxy: structure, dark matter},
     year = 2019,
    month = apr,
   volume = 484,
    pages = {2009-2020},
      doi = {10.1093/mnras/stz142},
   adsurl = {http://adsabs.harvard.edu/abs/2019MNRAS.484.2009B},
  adsnote = {Provided by the SAO/NASA Astrophysics Data System}
}

@ARTICLE{amorisco16,
   author = {{Amorisco}, N.~C. and {G{\'o}mez}, F.~A. and {Vegetti}, S. and 
	{White}, S.~D.~M.},
    title = "{Gaps in globular cluster streams: giant molecular clouds can cause them too}",
  journal = {\mnras},
archivePrefix = "arXiv",
   eprint = {1606.02715},
 keywords = {galaxies: haloes, galaxies: kinematics and dynamics, galaxies: structure, cosmology: theory, dark matter},
     year = 2016,
    month = nov,
   volume = 463,
    pages = {L17-L21},
      doi = {10.1093/mnrasl/slw148},
   adsurl = {http://adsabs.harvard.edu/abs/2016MNRAS.463L..17A},
  adsnote = {Provided by the SAO/NASA Astrophysics Data System}
}



@ARTICLE{johnston98,
   author = {{Johnston}, K.~V.},
    title = "{A Prescription for Building the Milky Way's Halo from Disrupted Satellites}",
  journal = {\apj},
   eprint = {astro-ph/9710007},
 keywords = {GALAXY: FORMATION, GALAXY: EVOLUTION, GALAXY: HALO, GALAXY: KINEMATICS AND DYNAMICS, GALAXIES: INTERACTIONS, GALAXIES: MAGELLANIC CLOUDS, Galaxies: Interactions, Galaxy: Evolution, Galaxy: Formation, Galaxy: Halo, Galaxy: Kinematics and Dynamics, Galaxies: Magellanic Clouds},
     year = 1998,
    month = mar,
   volume = 495,
    pages = {297-308},
      doi = {10.1086/305273},
   adsurl = {http://adsabs.harvard.edu/abs/1998ApJ...495..297J},
  adsnote = {Provided by the SAO/NASA Astrophysics Data System}
}

@ARTICLE{brown09,
   author = {{Brown}, T.~M. and {Smith}, E. and {Ferguson}, H.~C. and {Guhathakurta}, P. and 
	{Kalirai}, J.~S. and {Kimble}, R.~A. and {Renzini}, A. and {Rich}, R.~M. and 
	{Sweigart}, A.~V. and {Vanden Berg}, D.~A.},
    title = "{Deep Optical Photometry of Six Fields in the Andromeda Galaxy}",
  journal = {\apjs},
archivePrefix = "arXiv",
   eprint = {0908.0476},
 keywords = {galaxies: evolution, galaxies: individual: M31, galaxies: stellar content},
     year = 2009,
    month = sep,
   volume = 184,
    pages = {152-157},
      doi = {10.1088/0067-0049/184/1/152},
   adsurl = {http://adsabs.harvard.edu/abs/2009ApJS..184..152B},
  adsnote = {Provided by the SAO/NASA Astrophysics Data System}
}



@ARTICLE{gnedin00,
   author = {{Gnedin}, N.~Y.},
    title = "{Effect of Reionization on Structure Formation in the Universe}",
  journal = {\apj},
   eprint = {astro-ph/0002151},
 keywords = {Cosmology: Theory, Galaxies: Formation, Galaxies: Intergalactic Medium, Cosmology: Large-Scale Structure of Universe},
     year = 2000,
    month = oct,
   volume = 542,
    pages = {535-541},
      doi = {10.1086/317042},
   adsurl = {http://adsabs.harvard.edu/abs/2000ApJ...542..535G},
  adsnote = {Provided by the SAO/NASA Astrophysics Data System}
}

@ARTICLE{hoeft06,
   author = {{Hoeft}, M. and {Yepes}, G. and {Gottl{\"o}ber}, S. and {Springel}, V.
	},
    title = "{Dwarf galaxies in voids: suppressing star formation with photoheating}",
  journal = {\mnras},
   eprint = {astro-ph/0501304},
 keywords = {methods: numerical , galaxies: evolution , galaxies: formation , cosmology: theory},
     year = 2006,
    month = sep,
   volume = 371,
    pages = {401-414},
      doi = {10.1111/j.1365-2966.2006.10678.x},
   adsurl = {http://adsabs.harvard.edu/abs/2006MNRAS.371..401H},
  adsnote = {Provided by the SAO/NASA Astrophysics Data System}
}

@ARTICLE{johnston01,
   author = {{Johnston}, K.~V. and {Sackett}, P.~D. and {Bullock}, J.~S.},
    title = "{Interpreting Debris from Satellite Disruption in External Galaxies}",
  journal = {\apj},
   eprint = {astro-ph/0101543},
 keywords = {Cosmology: Dark Matter, Galaxies: Evolution, Galaxies: Formation, Galaxies: Halos, galaxies: individual (M31, M32, NGC 205, NGC 5907), Galaxies: Kinematics and Dynamics, Galaxies: Local Group},
     year = 2001,
    month = aug,
   volume = 557,
    pages = {137-149},
      doi = {10.1086/321644},
   adsurl = {http://adsabs.harvard.edu/abs/2001ApJ...557..137J},
  adsnote = {Provided by the SAO/NASA Astrophysics Data System}
}

@ARTICLE{zentner05,
   author = {{Zentner}, A.~R. and {Berlind}, A.~A. and {Bullock}, J.~S. and 
	{Kravtsov}, A.~V. and {Wechsler}, R.~H.},
    title = "{The Physics of Galaxy Clustering. I. A Model for Subhalo Populations}",
  journal = {\apj},
   eprint = {astro-ph/0411586},
 keywords = {Cosmology: Theory, Cosmology: Dark Matter, Galaxies: Formation, Galaxies: Halos, Galaxies: Structure, Cosmology: Large-Scale Structure of Universe},
     year = 2005,
    month = may,
   volume = 624,
    pages = {505-525},
      doi = {10.1086/428898},
   adsurl = {http://adsabs.harvard.edu/abs/2005ApJ...624..505Z},
  adsnote = {Provided by the SAO/NASA Astrophysics Data System}
}

@ARTICLE{purcell07,
   author = {{Purcell}, C.~W. and {Bullock}, J.~S. and {Zentner}, A.~R.},
    title = "{Shredded Galaxies as the Source of Diffuse Intrahalo Light on Varying Scales}",
  journal = {\apj},
   eprint = {astro-ph/0703004},
 keywords = {Cosmology: Theory, Galaxies: Evolution, Galaxies: Formation},
     year = 2007,
    month = sep,
   volume = 666,
    pages = {20-33},
      doi = {10.1086/519787},
   adsurl = {http://adsabs.harvard.edu/abs/2007ApJ...666...20P},
  adsnote = {Provided by the SAO/NASA Astrophysics Data System}
}

@ARTICLE{spergel13,
   author = {{Spergel}, D. and {Gehrels}, N. and {Breckinridge}, J. and {Donahue}, M. and 
	{Dressler}, A. and {Gaudi}, B.~S. and {Greene}, T. and {Guyon}, O. and 
	{Hirata}, C. and {Kalirai}, J. and {Kasdin}, N.~J. and {Moos}, W. and 
	{Perlmutter}, S. and {Postman}, M. and {Rauscher}, B. and {Rhodes}, J. and 
	{Wang}, Y. and {Weinberg}, D. and {Centrella}, J. and {Traub}, W. and 
	{Baltay}, C. and {Colbert}, J. and {Bennett}, D. and {Kiessling}, A. and 
	{Macintosh}, B. and {Merten}, J. and {Mortonson}, M. and {Penny}, M. and 
	{Rozo}, E. and {Savransky}, D. and {Stapelfeldt}, K. and {Zu}, Y. and 
	{Baker}, C. and {Cheng}, E. and {Content}, D. and {Dooley}, J. and 
	{Foote}, M. and {Goullioud}, R. and {Grady}, K. and {Jackson}, C. and 
	{Kruk}, J. and {Levine}, M. and {Melton}, M. and {Peddie}, C. and 
	{Ruffa}, J. and {Shaklan}, S.},
    title = "{Wide-Field InfraRed Survey Telescope-Astrophysics Focused Telescope Assets WFIRST-AFTA Final Report}",
  journal = {ArXiv e-prints},
archivePrefix = "arXiv",
   eprint = {1305.5422},
 primaryClass = "astro-ph.IM",
 keywords = {Astrophysics - Instrumentation and Methods for Astrophysics},
     year = 2013,
    month = may,
   adsurl = {http://adsabs.harvard.edu/abs/2013arXiv1305.5422S},
  adsnote = {Provided by the SAO/NASA Astrophysics Data System}
}

@INPROCEEDINGS{miyazaki12,
   author = {{Miyazaki}, S. and {Komiyama}, Y. and {Nakaya}, H. and {Kamata}, Y. and 
	{Doi}, Y. and {Hamana}, T. and {Karoji}, H. and {Furusawa}, H. and 
	{Kawanomoto}, S. and {Morokuma}, T. and {Ishizuka}, Y. and {Nariai}, K. and 
	{Tanaka}, Y. and {Uraguchi}, F. and {Utsumi}, Y. and {Obuchi}, Y. and 
	{Okura}, Y. and {Oguri}, M. and {Takata}, T. and {Tomono}, D. and 
	{Kurakami}, T. and {Namikawa}, K. and {Usuda}, T. and {Yamanoi}, H. and 
	{Terai}, T. and {Uekiyo}, H. and {Yamada}, Y. and {Koike}, M. and 
	{Aihara}, H. and {Fujimori}, Y. and {Mineo}, S. and {Miyatake}, H. and 
	{Yasuda}, N. and {Nishizawa}, J. and {Saito}, T. and {Tanaka}, M. and 
	{Uchida}, T. and {Katayama}, N. and {Wang}, S.-Y. and {Chen}, H.-Y. and 
	{Lupton}, R. and {Loomis}, C. and {Bickerton}, S. and {Price}, P. and 
	{Gunn}, J. and {Suzuki}, H. and {Miyazaki}, Y. and {Muramatsu}, M. and 
	{Yamamoto}, K. and {Endo}, M. and {Ezaki}, Y. and {Itoh}, N. and 
	{Miwa}, Y. and {Yokota}, H. and {Matsuda}, T. and {Ebinuma}, R. and 
	{Takeshi}, K.},
    title = "{Hyper Suprime-Cam}",
booktitle = {Ground-based and Airborne Instrumentation for Astronomy IV},
     year = 2012,
   series = {\procspie},
   volume = 8446,
    month = sep,
      eid = {84460Z},
    pages = {84460Z},
      doi = {10.1117/12.926844},
   adsurl = {http://adsabs.harvard.edu/abs/2012SPIE.8446E..0ZM},
  adsnote = {Provided by the SAO/NASA Astrophysics Data System}
}


@ARTICLE{ivezi08,
   author = {{Ivezi{\'c}}, {\v Z}. and {Kahn}, S.~M. and {Tyson}, J.~A. and 
	{Abel}, B. and {Acosta}, E. and {Allsman}, R. and {Alonso}, D. and 
	{AlSayyad}, Y. and {Anderson}, S.~F. and {Andrew}, J. and et al.},
    title = "{LSST: from Science Drivers to Reference Design and Anticipated Data Products}",
  journal = {ArXiv e-prints},
archivePrefix = "arXiv",
   eprint = {0805.2366},
 keywords = {Astrophysics},
     year = 2008,
    month = may,
   adsurl = {http://adsabs.harvard.edu/abs/2008arXiv0805.2366I},
  adsnote = {Provided by the SAO/NASA Astrophysics Data System}
}


@ARTICLE{bosch14,
   author = {{van den Bosch}, F.~C. and {Jiang}, F. and {Hearin}, A. and 
	{Campbell}, D. and {Watson}, D. and {Padmanabhan}, N.},
    title = "{Coming of age in the dark sector: how dark matter haloes grow their gravitational potential wells}",
  journal = {\mnras},
archivePrefix = "arXiv",
   eprint = {1409.2750},
 keywords = {methods: analytical, methods: statistical, galaxies: formation, galaxies: haloes, cosmology: theory, dark matter},
     year = 2014,
    month = dec,
   volume = 445,
    pages = {1713-1730},
      doi = {10.1093/mnras/stu1872},
   adsurl = {http://adsabs.harvard.edu/abs/2014MNRAS.445.1713V},
  adsnote = {Provided by the SAO/NASA Astrophysics Data System}
}


@ARTICLE{bradford15,
   author = {{Bradford}, J.~D. and {Geha}, M.~C. and {Blanton}, M.~R.},
    title = "{A Study in Blue: The Baryon Content of Isolated Low-mass Galaxies}",
  journal = {\apj},
archivePrefix = "arXiv",
   eprint = {1505.04819},
 keywords = {galaxies: dwarf, galaxies: evolution, galaxies: ISM, galaxies: kinematics and dynamics},
     year = 2015,
    month = aug,
   volume = 809,
      eid = {146},
    pages = {146},
      doi = {10.1088/0004-637X/809/2/146},
   adsurl = {http://adsabs.harvard.edu/abs/2015ApJ...809..146B},
  adsnote = {Provided by the SAO/NASA Astrophysics Data System}
}

@ARTICLE{zhang18,
   author = {{Zhang}, J. and {Abraham}, R. and {van Dokkum}, P. and {Merritt}, A. and 
	{Janssens}, S.},
    title = "{The Dragonfly Nearby Galaxies Survey. IV. A Giant Stellar Disk in NGC 2841}",
  journal = {\apj},
archivePrefix = "arXiv",
   eprint = {1802.02583},
 keywords = {galaxies: evolution, galaxies: formation, galaxies: individual: NGC 2841, galaxies: spiral, galaxies: stellar content, galaxies: structure },
     year = 2018,
    month = mar,
   volume = 855,
      eid = {78},
    pages = {78},
      doi = {10.3847/1538-4357/aaac81},
   adsurl = {http://adsabs.harvard.edu/abs/2018ApJ...855...78Z},
  adsnote = {Provided by the SAO/NASA Astrophysics Data System}
}

@ARTICLE{abraham18,
   author = {{Abraham}, R. and {Danieli}, S. and {van Dokkum}, P. and {Conroy}, C. and 
	{Kruijssen}, J.~M.~D. and {Cohen}, Y. and {Merritt}, A. and 
	{Zhang}, J. and {Lokhorst}, D. and {Mowla}, L. and {Brodie}, J. and 
	{Romanowsky}, A.~J. and {Janssens}, S.},
    title = "{The Maybe Stream: A Possible Cold Stellar Stream in the Ultra-diffuse Galaxy NGC1052-DF2}",
  journal = {Research Notes of the American Astronomical Society},
archivePrefix = "arXiv",
   eprint = {1805.00017},
     year = 2018,
    month = may,
   volume = 2,
   number = 2,
      eid = {16},
    pages = {16},
      doi = {10.3847/2515-5172/aac087},
   adsurl = {http://adsabs.harvard.edu/abs/2018RNAAS...2b..16A},
  adsnote = {Provided by the SAO/NASA Astrophysics Data System}
}


@ARTICLE{griffen16,
   author = {{Griffen}, B.~F. and {Ji}, A.~P. and {Dooley}, G.~A. and {G{\'o}mez}, F.~A. and 
	{Vogelsberger}, M. and {O'Shea}, B.~W. and {Frebel}, A.},
    title = "{The Caterpillar Project: A Large Suite of Milky Way Sized Halos}",
  journal = {\apj},
archivePrefix = "arXiv",
   eprint = {1509.01255},
 keywords = {cosmology: theory, galaxy: formation, galaxy: halo},
     year = 2016,
    month = feb,
   volume = 818,
      eid = {10},
    pages = {10},
      doi = {10.3847/0004-637X/818/1/10},
   adsurl = {http://adsabs.harvard.edu/abs/2016ApJ...818...10G},
  adsnote = {Provided by the SAO/NASA Astrophysics Data System}
}

@ARTICLE{kuepper15,
   author = {{K{\"u}pper}, A.~H.~W. and {Balbinot}, E. and {Bonaca}, A. and 
	{Johnston}, K.~V. and {Hogg}, D.~W. and {Kroupa}, P. and {Santiago}, B.~X.
	},
    title = "{Globular Cluster Streams as Galactic High-Precision Scales{\mdash}the Poster Child Palomar 5}",
  journal = {\apj},
archivePrefix = "arXiv",
   eprint = {1502.02658},
 keywords = {dark matter, Galaxy: fundamental parameters, Galaxy: halo, Galaxy: kinematics and dynamics, Galaxy: structure, globular clusters: individual: Palomar 5},
     year = 2015,
    month = apr,
   volume = 803,
      eid = {80},
    pages = {80},
      doi = {10.1088/0004-637X/803/2/80},
   adsurl = {http://adsabs.harvard.edu/abs/2015ApJ...803...80K},
  adsnote = {Provided by the SAO/NASA Astrophysics Data System}
}


@ARTICLE{hendel15,
   author = {{Hendel}, D. and {Johnston}, K.~V.},
    title = "{Tidal debris morphology and the orbits of satellite galaxies}",
  journal = {\mnras},
archivePrefix = "arXiv",
   eprint = {1509.06369},
 keywords = {galaxies: haloes, galaxies: kinematics and dynamics, galaxies: statistics, dark matter},
     year = 2015,
    month = dec,
   volume = 454,
    pages = {2472-2485},
      doi = {10.1093/mnras/stv2035},
   adsurl = {http://adsabs.harvard.edu/abs/2015MNRAS.454.2472H},
  adsnote = {Provided by the SAO/NASA Astrophysics Data System}
}


@ARTICLE{starkenburg15,
   author = {{Starkenburg}, T.~K. and {Helmi}, A.},
    title = "{Dark influences: imprints of dark satellites on dwarf galaxies}",
  journal = {\aap},
archivePrefix = "arXiv",
   eprint = {1411.1421},
 keywords = {galaxies: dwarf, galaxies: evolution, galaxies: interactions, galaxies: structure, galaxies: kinematics and dynamics, dark matter},
     year = 2015,
    month = mar,
   volume = 575,
      eid = {A59},
    pages = {A59},
      doi = {10.1051/0004-6361/201425082},
   adsurl = {http://adsabs.harvard.edu/abs/2015A%26A...575A..59S},
  adsnote = {Provided by the SAO/NASA Astrophysics Data System}
}
